@INPROCEEDINGS{7761080, 
 	author = {M. M. M. {Manhães} and S. A. {Scherer} and M. {Voss} and L. R. {Douat} and T. {Rauschenbach}},  
	booktitle = {OCEANS 2016 MTS/IEEE Monterey},   
	title = {UUV Simulator: A Gazebo-based package for underwater intervention and multi-robot simulation},   year = {2016},
	volume={},
	number={},
	pages={1-8},
	doi={10.1109/OCEANS.2016.7761080}
}

@MISC{robmovel,
  author =       {Pabliane Martiniano},
  title =        {O que é Robótica Móvel?},
  howpublished = {URL: http://roboticamovel.blogspot.com/2017/05/o-que-e-robotica-movel_90.html},
	month =        {February},
  year =         {2017},
}

